<?xml version="1.0" encoding="UTF-8"?><collection xmlns="http://www.loc.gov/MARC21/slim"><record><leader>00354nam--2200133-i-4500</leader><controlfield tag="001">000023354</controlfield><controlfield tag="002">20161230</controlfield><controlfield tag="005">20161230201035</controlfield><controlfield tag="008">060222s1000------------r-----000-0-eng-d</controlfield><datafield ind1=" " ind2=" " tag="100"><subfield code="a">Ghiorghiu, Mircea</subfield></datafield><datafield ind1=" " ind2=" " tag="245"><subfield code="a">Filip, pertu</subfield></datafield><datafield ind1=" " ind2=" " tag="260"><subfield code="a">Aplicatiile Calculatoarelor In Chimie</subfield></datafield><datafield ind1=" " ind2=" " tag="490"><subfield code="a">Bucuresti, Editura Stiintifica, 1973, 267p</subfield></datafield><datafield ind1=" " ind2=" " tag="852"><subfield code="a">681.3.06:541</subfield></datafield></record></collection>